[gd_scene load_steps=8 format=2]

[ext_resource path="res://assets/icon plant.png" type="Texture" id=1]
[ext_resource path="res://assets/icon cull.png" type="Texture" id=2]
[ext_resource path="res://src/ui/ActionMenu.gd" type="Script" id=3]
[ext_resource path="res://assets/icon query.png" type="Texture" id=4]
[ext_resource path="res://assets/icon remove rock.png" type="Texture" id=5]
[ext_resource path="res://assets/icon burn.png" type="Texture" id=6]
[ext_resource path="res://assets/icon fertilize.png" type="Texture" id=7]

[node name="ActionMenu" type="VBoxContainer"]
margin_top = 24.0
margin_right = 160.0
margin_bottom = 87.0
script = ExtResource( 3 )

[node name="ActionPoints" type="RichTextLabel" parent="."]
margin_right = 160.0
margin_bottom = 15.0
text = "Action Points: 3"
fit_content_height = true

[node name="Grid" type="GridContainer" parent="."]
margin_top = 19.0
margin_right = 160.0
margin_bottom = 237.0
columns = 2

[node name="Plant" type="Button" parent="Grid"]
margin_right = 76.0
margin_bottom = 70.0
hint_tooltip = "Plant (a)
Cost: 0 AP
Select a plant from the plant menu on the left, and click a soil tile to plant seeds there."
toggle_mode = true
shortcut_in_tooltip = false
pressed = true
icon = ExtResource( 1 )
icon_align = 1

[node name="Query" type="Button" parent="Grid"]
margin_left = 80.0
margin_right = 156.0
margin_bottom = 70.0
hint_tooltip = "Query (s)
Click on a tile to show more detail information"
toggle_mode = true
icon = ExtResource( 4 )

[node name="Cull" type="Button" parent="Grid"]
margin_top = 74.0
margin_right = 76.0
margin_bottom = 144.0
hint_tooltip = "Cull / Harvest (d)
Cost: 1 AP
Select a tile to remove any of the plants on it."
toggle_mode = true
icon = ExtResource( 2 )
icon_align = 1

[node name="Burn" type="Button" parent="Grid"]
margin_left = 80.0
margin_top = 74.0
margin_right = 156.0
margin_bottom = 144.0
hint_tooltip = "Burn (f)
Cost: 2 AP
Select a tile to remove any of the plants on it with fire. Doing so does not increase rockiness, and adds nutrients but reduces soil health."
toggle_mode = true
icon = ExtResource( 6 )
icon_align = 1

[node name="RemoveRock" type="Button" parent="Grid"]
margin_top = 148.0
margin_right = 76.0
margin_bottom = 218.0
hint_tooltip = "Remove Rock (g)
Cost: 3 AP
Select a tile to a reduce it's rockiness to 0"
toggle_mode = true
icon = ExtResource( 5 )
icon_align = 1

[node name="Fertilize" type="Button" parent="Grid"]
margin_left = 80.0
margin_top = 148.0
margin_right = 156.0
margin_bottom = 218.0
hint_tooltip = "Fertilize (h)
Cost: 4 AP
Greatly increase the nutirents and health of soil"
toggle_mode = true
icon = ExtResource( 7 )
icon_align = 1

[node name="PassTime" type="Button" parent="."]
margin_top = 241.0
margin_right = 160.0
margin_bottom = 261.0
text = "Let time pass"

[connection signal="pressed" from="PassTime" to="." method="_on_PassTime_pressed"]
