[gd_scene load_steps=4 format=2]

[ext_resource path="res://Menu.gd" type="Script" id=1]
[ext_resource path="res://assets/Bitstream Vera Sans Mono Bold Nerd Font Complete.ttf" type="DynamicFontData" id=2]

[sub_resource type="DynamicFont" id=1]
size = 40
outline_size = 1
font_data = ExtResource( 2 )

[node name="Menu" type="PopupPanel"]
anchor_right = 1.0
anchor_bottom = 1.0
margin_right = -484.0
margin_bottom = -354.0
size_flags_horizontal = 0
size_flags_vertical = 0
script = ExtResource( 1 )

[node name="VBoxContainer" type="VBoxContainer" parent="."]
margin_left = 4.0
margin_top = 4.0
margin_right = 536.0
margin_bottom = 242.0

[node name="Label" type="Label" parent="VBoxContainer"]
margin_right = 532.0
margin_bottom = 48.0
size_flags_horizontal = 3
custom_colors/font_color = Color( 0.996078, 1, 0.258824, 1 )
custom_colors/font_outline_modulate = Color( 1, 0, 0.972549, 1 )
custom_fonts/font = SubResource( 1 )
text = "Da 'Lil Patch"
align = 1

[node name="Score" type="RichTextLabel" parent="VBoxContainer"]
margin_top = 52.0
margin_right = 532.0
margin_bottom = 67.0
bbcode_enabled = true
bbcode_text = "[center]Score: 0[/center]"
text = "Score: 0"
fit_content_height = true

[node name="ScoreByYear" type="RichTextLabel" parent="VBoxContainer"]
margin_top = 71.0
margin_right = 532.0
margin_bottom = 86.0
bbcode_enabled = true
fit_content_height = true

[node name="Continue" type="Button" parent="VBoxContainer"]
margin_top = 90.0
margin_right = 532.0
margin_bottom = 124.0
size_flags_vertical = 3
text = "Continue"

[node name="Restart" type="Button" parent="VBoxContainer"]
margin_top = 128.0
margin_right = 532.0
margin_bottom = 162.0
size_flags_vertical = 3
text = "Restart"

[node name="Help" type="Button" parent="VBoxContainer"]
margin_top = 166.0
margin_right = 532.0
margin_bottom = 200.0
size_flags_vertical = 3
text = "Help"

[node name="Quit" type="Button" parent="VBoxContainer"]
margin_top = 204.0
margin_right = 532.0
margin_bottom = 238.0
size_flags_vertical = 3
text = "Quit"

[connection signal="pressed" from="VBoxContainer/Continue" to="." method="_on_Continue_pressed"]
[connection signal="pressed" from="VBoxContainer/Restart" to="." method="_on_Restart_pressed"]
[connection signal="pressed" from="VBoxContainer/Help" to="." method="_on_Help_pressed"]
[connection signal="pressed" from="VBoxContainer/Quit" to="." method="_on_Quit_pressed"]
